@software{MODELIO,
title="Modelio",
url="https://www.modelio.org",
version="4.x.x"
}


@standard{OMGUML,
title="Unified Modeling Language",
organization="Object Management Group",
version="2.5.1",
url="https://www.omg.org/spec/UML/",
month=12,
year=2017
}


@manual{AOI,
title="Logix~5000 Controllers Add-On Instructions",
publisher="Rockwell Automation",
note="1756-PM010J-EN-P",
month=9,
year=2020
}
